@article{Turing1936,
  title={On computable numbers, with an application to the {Entscheidungsproblem}},
  author={Turing, Alan Mathison},
  journal={J. of Math},
  volume={58},
  pages={345--363},
  year={1936}
}

@inproceedings{papi,
author="Terpstra, Dan
and Jagode, Heike
and You, Haihang
and Dongarra, Jack",
editor="M{\"u}ller, Matthias S.
and Resch, Michael M.
and Schulz, Alexander
and Nagel, Wolfgang E.",
title="Collecting Performance Data with {PAPI-C}",
booktitle="Tools for High Performance Computing 2009",
year=2010,
publisher="Springer Berlin Heidelberg",
pages="157--173",
isbn="978-3-642-11261-4"
}

@article{CoffmanG72,
  author    = {Edward G. {Coffman Jr.} and
               Ronald L. Graham},
  title     = {Optimal Scheduling for Two-Processor Systems},
  journal   = {Acta Informatica},
  volume    = 1,
  pages     = {200--213},
  year      = 1972,
  url       = {https://doi.org/10.1007/BF00288685},
  doi       = {10.1007/BF00288685},
  timestamp = {Sun, 21 Jun 2020 17:37:55 +0200},
  biburl    = {https://dblp.org/rec/journals/acta/CoffmanG72.bib},
  bibsource = {dblp computer science bibliography, https://dblp.org}
}